@misc{website:erlang_docs_code_loading,
    howpublished="\url{http://erlang.org/doc/reference_manual/code_loading.html}"
}
@misc{website:bitwalker/exrm,
    howpublished="\url{https://github.com/bitwalker/exrm}"
}
@misc{website:erlware/relx,
    howpublished="\url{https://github.com/erlware/relx}"
};
@misc{website:bitwalker/distillery,
    howpublished="\url{https://github.com/bitwalker/distillery}"
}
@misc{website:erlang_docs_sys,
    howpublished="\url{http://erlang.org/doc/man/sys.html}"
}
@misc{website:elixir_docs,
    howpublished="\url{http://elixir-lang.org/docs/stable/elixir/}"
}
@misc{website:elixir_docs_code,
    howpublished="\url{http://elixir-lang.org/docs/stable/elixir/Code.html}"
}
@misc{website:erlang_docs_relups,
    howpublished="\url{http://erlang.org/doc/man/relup.html}"
}
@misc{website:andreaopardi_tcp_con,
    howpublished="\url{http://andrealeopardi.com/posts/handling-tcp-connections-in-elixir/}"
}
@misc{website:devnulllabs/octochat,
    howpublished="\url{https://git.devnulllabs.io/demos/octochat.git}"
}
